@article{bib1,
  author = {Hackenschmidt, R. and Alber-Laukant, B. and Rieg, F.},
  title = {Simulating nonlinear materials under centrifugal forces by using intelligent cross-linked simulations},
  journal = {Strojniški vestnik -- Journal of Mechanical Engineering},
  volume = {57},
  number = {7-8},
  pages = {531-538},
  year = {2010},
  note={\mbox{doi}:\url{10.5545/sv-jme.2011.013}}
}

@book{bib2,
  author = {Groover, M.P.},
  title = {Fundamentals of Modern Manufacturing},
  address = {Hoboken},
  publisher = {John Wiley \& Sons},
  year = {2007},
}

@incollection{bib3,
  author = {Carbone, G. and Ceccarelli, M.},
  title = {Legged robotic systems},
  editor = {Kordić, V. and Lazinica, A. and Merdan, M.},
  booktitle = {Cutting Edge Robotics},
  pages = {553-576},
  publisher = {Pro literatur Verlag},
  address = {Mammendorf},
  year = {2005},
}

@inproceedings{bib4,
  author = {Štefanić, N. and Martinčević-Mikić, S. and Tošanović, N.},
  editor = {},
  title = {Applied lean system in process industry},
  booktitle = {MOTSP Conference Proceedings},
  publisher = {},
  address = {},
  pages = {422-427},
  year = {2009},
}

@techreport{bib5,
  author = {},
  title = {{Indoor Air – Part 6: Determination of Volatile Organic Compounds in Indoor and Chamber Air by Active Sampling on TENAX TA Sorbent, Thermal Desorption and Gas Chromatography using MSD/FID}},
  howpublished = {},
  type = {{ISO/DIS}},
  number = {16000-6.2:2002},
  pages = {},
  year = {1995},
  ISSN = {},
  publisher = {{International Organization for Standardization}},
  institution = {},
  address = {Geneva},
  note   = {\url{}},
}

@manual{bib6,
  title  = {Arena},
  author = {{Rockwell Automation}},
  note   = {\url{http://www.arenasimulation.com}},
  year   = {2009 (accessed on 2009-09-07)},
}

\end{thebibliography}
